@article{ARTICLE_DynamicPlayerModelling,
    author = {Charles, Darryl and Black, Michaela},
    year = {2004},
    month = {01},
    pages = {},
    title = {Dynamic Player Modelling: A Framework for Player-centred Digital Games},
    journal = {Proceedings of the International Conference on Computer Games: Artificial Intelligence, Design and Education}
}

@article{ARTICLE_UserExperienceAResearchAgenda,
    author = { Marc   Hassenzahl  and  Noam   Tractinsky },
    title = {User experience - a research agenda},
    journal = {Behaviour \& Information Technology},
    volume = {25},
    number = {2},
    pages = {91-97},
    year  = {2006},
    publisher = {Taylor \& Francis},
    doi = {10.1080/01449290500330331},
    URL = {https://doi.org/10.1080/01449290500330331},
    eprint = { 
            https://doi.org/10.1080/01449290500330331}   
}

@article{ARTICLE_ValueCreationGameIndustry,
    title={Value creation in the video game industry: Industry economics, consumer benefits, and research opportunities},
    author={Marchand, Andr{\'e} and Hennig-Thurau, Thorsten},
    journal={Journal of Interactive Marketing},
    volume={27},
    number={3},
    pages={141--157},
    year={2013},
    publisher={Elsevier}
}

@article{ARTICLE_TheGameThePlayerTheWorld,
    title={The Game, The Player, The World: Looking for a Heart of Gameness},
    author={Juul, Jesper},
    journal={PLURAIS-Revista Multidisciplinar},
    volume={1},
    number={2},
    year={2010}
}

@article{ARTICLE_EffectsOfDifferentScenarios,
    title={Effects of different scenarios of game difficulty on player immersion},
    author={Qin, Hua and Rau, Pei-Luen Patrick and Salvendy, Gavriel},
    journal={Interacting with Computers},
    volume={22},
    number={3},
    pages={230--239},
    year={2010},
    publisher={OUP}
}

@article{ARTICLE_FlowThePsychologyOfOptimal,
    author = {Lawrence A. Beck},
    title = {Csikszentmihalyi, Mihaly. (1990). Flow: The Psychology of Optimal Experience},
    journal = {Journal of Leisure Research},
    volume = {24},
    number = {1},
    pages = {93-94},
    year  = {1992},
    publisher = {Routledge}
}

@article{ARTICLE_FearOfFailure,
    author={Juul, Jesper},
    journal={The Video Game Theory Reader},
    title={{Fear of Failing? The Many Meanings of Difficulty in Video Games}},
    volume={2},
    number={237-252},
    year={2009}
}

@article{ARTICLE_FlowInGames,
    title={Flow in games (and everything else)},
    author={Chen, Jenova},
    journal={Communications of the ACM},
    volume={50},
    number={4},
    pages={31--34},
    year={2007},
    publisher={ACM}
}

@ARTICLE{Agarwal2004Learning,
    author = {Agarwal, S. and Awan, A. and Roth, D.},
    title = {Learning to detect objects in images via a sparse, part-based representation},
    journal = {{IEEE} Transactions on Pattern Analysis and Machine Intelligence},
    year = {2004},
    volume = {26},
    pages = {1475--1490},
    number = {11},
    doi = {10.1109/TPAMI.2004.108},
    language = {English},
    owner = {srfiorini},
    timestamp = {2013.07.08}
}

@ARTICLE{article_adaptivebehaviorai,
    title   = "Dynamic game difficulty scaling using adaptive behavior-based {AI}",
    author  = "Tan, Chin Hiong and Tan, Kay Chen and Tay, Arthur",
    journal = "IEEE Trans. Comput. Intell. AI Games",
    volume  =  3,
    number  =  4,
    pages   = "289--301",
    year    =  2011
}

@ARTICLE{article_ddareview,
    title    = "Dynamic difficulty adjustment ({DDA}) in computer games: A review",
    author   = "Zohaib, Mohammad",
    journal  = "Adv. hum.-comput. interact.",
    volume   =  2018,
    pages    = "1--12",
    year     =  2018,
    language = "en"
}

@ARTICLE{article_affectivedda,
    title    = "Dynamic difficulty adjustment in computer games through real-time
              anxiety-based affective feedback",
    author   = "Liu, Changchun and Agrawal, Pramila and Sarkar, Nilanjan and
              Chen, Shuo",
    journal  = "Int. J. Hum. Comput. Interact.",
    volume   =  25,
    number   =  6,
    pages    = "506--529",
    year     =  2009,
    language = "en"
}

@ARTICLE{Bar-Hillel2008Efficient,
    author = {Bar-Hillel, Aharon and Weinshall, Daphna},
    title = {Efficient Learning of Relational Object Class Models},
    journal = {International Journal of Computer Vision},
    year = {2008},
    volume = {77},
    pages = {175–198},
    number = {1-3},
    month = {May}},
    doi = {10.1007/s11263-007-0091-7},
    owner = {srfiorini},
    timestamp = {2013.10.15}
}

@article{ARTICLE_PlayerCentredGameDesign,
    author = {Charles, Darryl and Mcneill, Michael and Mcalister, Moira and Black, Michaela and Moore, Adrian and Stringer, Karl and Kücklich, Julian and Kerr, Aphra},
    year = {2005},
    month = {01},
    pages = {},
    title = {Player-centred game design: Player modelling and adaptive digital games},
    journal = {Proceedings of DiGRA 2005 Conference: Changing Views - Worlds in Play}
}

@ARTICLE{ARTICLE_AdaptivityChallengesInGames,
    author={R. Lopes and R. Bidarra},
    journal={IEEE Transactions on Computational Intelligence and AI in Games},
    title={Adaptivity Challenges in Games and Simulations: A Survey},
    year={2011},
    volume={3},
    number={2},
    pages={85-99},
    keywords={computer games;computer games;simulation;game adaptivity;generation engine;gameplay expectation;learning preference;procedural content generation;semantic modeling;Games;Adaptation model;Predictive models;Learning systems;Computational modeling;IEEE Transactions on Computational Intelligence and AI in Games;Brain modeling;Adaptive games;declarative modeling;online adaptivity;player assessment;player modeling;procedural content generation;semantic modeling},
    doi={10.1109/TCIAIG.2011.2152841},
    ISSN={1943-068X},
    month={June},
}