@book{weinberg1971psychology,
    title={The psychology of computer programming},
    author={Weinberg, Gerald M},
    volume={932633420},
    year={1971},
    publisher={Van Nostrand Reinhold New York}
}

@book{BOOK_Flow,
    address = {New York, NY},
    author = {Csikszentmihalyi, Mihaly},
    howpublished = {Paperback},
    isbn = {9780060920432},
    month = {March},
    priority = {2},
    publisher = {Harper Perennial},
    title = {Flow: The Psychology of Optimal Experience},
    year = 1991
}

@book{BOOK_PlayerModeling, 
    address={Hingham, MA}, 
    edition={1}, 
    title={AI Game Programming Wisdom 2}, 
    volume={2}, 
    pages = {557-566},
    publisher={Charles River Media}, 
    author={Houlette, Ryan}, 
    year={2004}
}

@inbook{BOOK_FlowOptimalExperience,
    author="Csikszentmihalyi, Mihaly",
    title="Toward a Psychology of Optimal Experience",
    bookTitle="Flow and the Foundations of Positive Psychology: The Collected Works of Mihaly Csikszentmihalyi",
    year="2014",
    publisher="Springer Netherlands",
    address="Dordrecht",
    chapter="14",
    pages="209--226",
    isbn="978-94-017-9088-8"
}

@INBOOK{Maddox1992Perceptual,
    pages = {147–180},
    title = {Perceptual and decisional separability},
    publisher = {Lawrence Erlbaum Associates, Inc},
    year = {1992},
    author = {Maddox, W. Todd},
    series = {Scientific psychology series.},
    booktitle = {Multidimensional models of perception and cognition},
    collection = {Scientific psychology series.},
    owner = {srfiorini},
    place = {Hillsdale, NJ, England},
    timestamp = {2013.07.19}
}

 @book{BOOK_RE4JPStrategyGuide,
  place     = {Osaka, Tokyo, Japan},
  title     = {Description of the Game Rank System in Resident Evil 4},
  booktitle = {Baiohazaado Fo Kaitai Shinsho},
  isbn = {9784757726383},
  publisher = {Kapukon},
  author    = {CAPCOM},
  year      = {2006},
  chapter="Section I: Playing Manual",
  pages     = {23–26}
} 

@inbook{RE4_StrategyGuide_2006,
    address = {大阪},
    title = {バイオハザード4解体真書},
    isbn = {9784757726383},
    language = {Japanese},
    publisher = {カプコン},
    author = {{エンターブレイン} and {スタジオベントスタッフ}},
    year = {2006},
    note = {OCLC: 170183529},
}

@Book{BOOK_LevelDesignConcept,
    author = {Kremers, Rudolf},
    title = {Level design: Concept, Theory, and Practice},
    publisher = {A.K. Peters},
    year = {2009},
    address = {Wellesley, MA},
    isbn = {9781568813387}
 }

@book{BOOK_RealTimeCameras,
    author = {Haigh-Hutchinson, Mark},
    title = {Real Time Cameras: A Guide for Game Designers and Developers},
    year = {2009},
    isbn = {9780080918518, 9780123116345},
    publisher = {Morgan Kaufmann Elsevier Science distributor},
    address = {San Francisco, CA, USA},
}

@book{BOOK_LevelUpTheGuideToGreat,
    author = {Rogers, Scott},
    title = {Level Up! The Guide to Great Video Game Design},
    year = {2014},
    isbn = {1118877160, 9781118877166},
    edition = {2nd},
    publisher = {Wiley Publishing},
} 

@book{BOOK_DarkSoulsBeyondTheGrave,
    author = {Mecheri, Damien and Romieu, Sylvain},
    title = {Dark Souls: Beyond the Grave - Volume 1},
    year = {2017},
    isbn = {9791094723579, 9791094723579},
    publisher = {Third Editions}
}

@BOOK{book_realityisbroken,
    title     = "Reality is broken: Why games make us better and how they can
               change the world",
    author    = "McGonigal, Jane",
    publisher = "Penguin",
    year      =  2011,
    address   = "New York, NY"
}