@INCOLLECTION{Aisbett2001Conceptual,
    author = {Aisbett, Janet and Gibbon, Greg},
    title = {Conceptual Spaces as Voltage Maps},
    booktitle = {Connectionist Models of Neurons, Learning Processes, and Artificial
    Intelligence},
    publisher = {Springer Berlin Heidelberg},
    year = {2001},
    editor = {Mira, Jos√© and Prieto, Alberto},
    number = {2084},
    series = {Lecture Notes in Computer Science},
    pages = {783--790},
    month = jan,
    language = {en},
    owner = {srfiorini},
    timestamp = {2013.12.04},
    urldate = {2013-12-04}
}

@INCOLLECTION{Donnelly2005Spatial,
    author = {Donnelly, Maureen and Bittner, Thomas},
    title = {Spatial Relations Between Classes of Individuals},
    booktitle = {Spatial Information Theory},
    publisher = {Springer Berlin Heidelberg},
    year = {2005},
    editor = {Cohn, Anthony G. and Mark, David M.},
    volume = {3693},
    series = {Lecture Notes in Computer Science},
    pages = {182-199},
    doi = {10.1007/11556114_12},
    language = {English},
    owner = {srfiorini},
    timestamp = {2014.06.30}
}