@misc{URL_ExploringDesignOfDarkSouls,
    author = {Robert Boyd},
    title = {{Deep Dungeon: Exploring the Design of Dark Souls}},
    howpublished = {Available on: \url{https://www.gamasutra.com/view/feature/178262/deep_dungeon_exploring_the_design_.php}},
    pages = {3},
    month = {Sep. 26},
    year = {2012},
    note = {Online; Apr. 8, 2021}
}

@misc{URL_UnderstandingAppeal,
    author = {Christian Nutt},
    title = {{Quest undying: Understanding the appeal of Dark Souls}},
    howpublished = {Available on: \url{https://www.gamasutra.com/view/news/210699/Quest_undying_Understanding_the_appeal_of_Dark_Souls.php}},
    pages = {1},
    month = {Feb. 13},
    year = {2014},
    note = {Online; Apr. 8, 2021}
}

@misc{URL_IllusionOfIntelligence,
    author = {Jaime Griesemer},
    title = {Creating the Illusion of Intelligence: Where AI and Level Design Overlap in Haloâ€™s AI},
    howpublished = {Conference speech in audio file.},
    url = {https://www.gdcvault.com/play/1022590/Creating-the-Illusion-of-Intelligence},
    year = {2002},
    note = {Online; Accessed Apr. 8, 2021}
}

@misc{YT_EvolutionOfDarkSoulsLevelDesign,
    author        = "George Weidman",
    title         = "The Evolution of Dark Souls Level Design",
    howpublished  = "YouTube video.",
    month         = "May 18",
    year          = "2016",
    url           = "https://www.youtube.com/watch?v=ZZ9_RJ2EPo0",
    note          = "Online; Accessed Apr. 8, 2021",
}

@misc{YT_DarkSoulsSimpleAI,
    author        = "Tommy Thompson",
    title         = "Prepare to Die by Simple AI - Dark Souls and Difficulty",
    howpublished  = "YouTube video.",
    month         = "Nov 18",
    year          = "2017",
    url           = "https://www.youtube.com/watch?&v=s2S8o3fmJyc",
    note          = "Online; Accessed Apr. 8, 2021",
}

@MISC{article_subjectivedifficulty,
    title        = "Examining subjective difficulty: How plumbers can fight
                  demons",
    author       = "Josh Bycer",
    booktitle    = "Gamasutra.com",
    howpublished = "\url{https://www.gamasutra.com/view/feature/6583/examining_subjective_difficulty_.php}",
    year         = 2012,
    note         = "Online. Accessed: Apr. 8, 2021"
}

@MISC{video_extracreditsmario11,
  title     = "Design club - Super Mario Bros: Level 1-1 - how super Mario
               mastered level design",
  author    = {Floyd, Daniel and Portnow, James},
  publisher = "Youtube",
  month     =  jun,
  year      =  2014
}

@MISC{website_rubberbandingmariokart,
  title        = "Rubber banding in Super Mario Kart",
  booktitle    = "Wordpress.com",
  author       = "Guillaume Couture-Piche",
  month        =  nov,
  year         =  2016,
  howpublished = "\url{https://guiguilegui.wordpress.com/2016/11/16/rubber-banding-in-super-mario-kart/}",
  note         = "Online. Accessed: Apr. 8, 2021."
}

@MISC{website_gamerankre4,
  title        = "Resident Evil 4 Game Rank System",
  booktitle    = "Resident Evil Wiki",
  howpublished = "\url{https://residentevil.fandom.com/wiki/Game_Rank_(RE4)}",
  note         = "Online. Accessed: Apr. 8, 2021"
}