@misc{ISO_ISO92411,
    author = {{ISO/TC 159/SC 4 COMMITTEE}},
    title = {Ergonomic requirements for office work with visual display terminals (VDTs) â€” Part 11: Guidance on usability},
    type = {ISO},
    number = {ISO 9241-11:1998},
    year = {1998},
    month = mar
}