@phdthesis{PHD_DynamicDifficultyAdjustment,
    author = {Missura, Olana},
    year = {2015},
    month = {10},
    pages = {},
    title = {Dynamic Difficulty Adjustment}
}